2687 3894
1098 481 1167 532 25

91 632 354 684 eloquebatur.
413 635 527 686 Quod
555 643 600 678 ut
629 640 818 679 incertum
847 642 920 689 est,
942 647 1022 686 quo
1052 647 1156 676 anno
1186 637 1334 675 tactum
1363 637 1434 684 sit,
1465 637 1522 675 ita
1551 635 1672 676 multo
1697 637 1826 676 minus
1855 636 2011 687 probari
2045 640 2175 685 potest

91 712 274 760 quattuor
310 712 401 747 aute
437 708 650 761 Agricolae
688 716 850 753 mortem
886 722 1013 752 annos
1048 721 1129 750 non
1166 720 1257 754 esse
1299 709 1462 749 facturn.
1530 708 1662 760 Quare
1693 709 1843 750 nullam
1877 708 1994 750 fldem
2030 708 2174 758 habet,

90 782 194 835 quod
223 780 388 822 Wexius
414 782 596 837 Prolegg.
633 798 673 838 p.
705 788 796 837 28„
834 796 914 837 quo
943 784 1187 835 quadriennii
1216 783 1435 824 absentiam
1465 787 1558 823 ante
1588 783 1739 824 obitum
1768 783 1978 835 Agricolae
2009 783 2177 823 amolia-

89 864 169 906 tur,
198 856 333 896 scribit
359 858 460 896 noba
483 862 574 898 tun
603 864 798 899 nostrae
827 860 1009 898 abun-tiae
1035 858 1241 897 condicione
1269 860 1353 896 anu
1380 857 1658 909 quadrimodum
1682 860 1836 898 aau‘eeur
1863 862 1942 906 cd,
1970 870 2059 898 cum
2080 857 2177 908 Lip-

89 936 148 974 sio
298 932 307 941 ‘
370 932 442 970 ium
468 934 689 984 intelligens
726 934 824 974 illud
861 939 1034 983 tempus,
1073 932 1180 982 quod
1208 934 1431 972 intercessit
1463 933 1564 972 inter
1600 925 1763 973 mor'tem
1799 933 2010 983 Agricolae
2039 937 2079 972 et
2104 943 2176 971 an-

88 1017 206 1057 num,
244 1013 324 1054 quo
362 1003 427 1046 hic
455 1004 554 1048 liber
590 1010 757 1060 scriptus
787 1013 848 1049 est
884 1009 940 1058 (a.
973 1007 1177 1051 93—97.
1217 1018 1257 1058 p.
1289 1006 1379 1048 Chr.
1412 1002 1493 1058 m).
1551 1006 1661 1047 Nihil
1698 1007 1774 1048 hac
1803 1010 2000 1049 sententia
2034 1007 2175 1047 levius.

58 1130 67 1144 Ι
89 1083 172 1130 An,
214 1080 248 1119 si
276 1090 356 1119 uon
390 1080 579 1122 abfuisset
606 1082 792 1134 Tacitus,
832 1085 960 1122 miuus
988 1080 1282 1131 quadriennium
1322 1091 1348 1119 a
1382 1085 1505 1120 morte
1543 1084 1667 1121 soceri
1696 1080 1828 1150 esset?
1887 1080 1972 1121 Aut
1985 1111 1996 1132 ,
2040 1083 2076 1121 si
2104 1081 2177 1120 fuit

89 1153 406 1205 quadriennium,
433 1155 630 1203 quomodo
652 1155 789 1195 Tacito
818 1162 859 1196 et
887 1158 1000 1196 uxori
1026 1155 1112 1193 solis
1140 1154 1227 1204 fuit,
1257 1156 1396 1193 ceteris
1421 1164 1501 1193 non
1527 1155 1631 1194 fuit?
1689 1154 1898 1208 Fortasse,
1928 1165 2046 1205 quam
2074 1154 2175 1195 baec

88 1233 188 1269 inter
210 1240 253 1268 se
281 1234 478 1280 pugnent,
506 1241 593 1269 sero
623 1236 843 1280 assecutus,
872 1241 912 1281 p.
932 1231 1030 1268 317.
1059 1230 1287 1278 pronuntiat
1313 1232 1397 1265 ante
1418 1229 1690 1279 quadn‘ennam
1720 1229 1916 1280 glossema
1944 1240 2047 1280 esse,
2075 1238 2175 1278 quae

89 1306 220 1355 opinio
262 1306 405 1355 pariter
450 1308 553 1344 omni
592 1305 938 1345 verisimilitudinis
988 1306 1120 1354 specie
1168 1302 1400 1347 destituitur.
1469 1304 1653 1343 Cavisset
1687 1303 1762 1343 hos
1796 1315 1945 1343 errores
1985 1304 2175 1350 Waxius,

86 1380 162 1419 nisi
190 1378 446 1429 obstinasset,
479 1378 660 1419 Tacitum
686 1379 843 1430 longius
871 1385 1027 1428 tempus
1059 1377 1186 1417 Roma
1214 1389 1294 1420 non
1322 1376 1518 1427 abfuisse,
1548 1380 1780 1428 gravissime
1808 1384 1938 1418 motus
1967 1390 2037 1429 eo,
2069 1377 2174 1427 quod

86 1462 213 1503 neque
238 1450 343 1504 apud
373 1453 498 1503 ipsum
526 1462 654 1503 neque
681 1452 789 1504 apud
817 1452 938 1493 ullum
966 1451 1086 1493 alium
1110 1454 1336 1502 scriptorem
1358 1453 1444 1493 eius
1471 1453 1528 1491 rei
1556 1453 1702 1492 mentio
1729 1450 1784 1491 fit.
1841 1451 1967 1493 Silent
1994 1453 2053 1493 illi
2079 1463 2175 1493 sane

92 1526 141 1566 de
161 1537 231 1577 eo,
262 1525 583 1575 quemadmodum
603 1527 652 1567 de
681 1533 812 1567 cetera
839 1526 969 1566 Taciti
998 1529 1079 1566 vita
1108 1527 1307 1565 siluerunt.
1365 1526 1445 1567 Sed
1471 1536 1551 1565 non
1579 1527 1689 1566 siluit
1710 1528 1818 1577 ipse,
1849 1529 1916 1575 qui
1945 1528 2173 1578 planissime

95 1606 261 1640 testetur
290 1605 471 1649 quattuor
496 1606 714 1651 postremos
751 1611 876 1640 annos
915 1602 996 1640 vivi
1025 1599 1155 1640 adbuc
1190 1599 1399 1650 Agricolae
1435 1599 1565 1640 Roma
1601 1612 1645 1640 se
1685 1612 1775 1641 cum
1815 1612 1936 1640 uxore
1979 1602 2174 1641 abfuisse.

94 1673 208 1725 Quod
241 1676 309 1723 qui
336 1685 414 1714 non
443 1674 624 1723 credunt,
660 1680 866 1725 propterea
888 1675 992 1724 quod
1021 1674 1128 1714 solus
1157 1674 1196 1713 id
1227 1674 1367 1725 tradit,
1407 1685 1485 1714 non
1514 1674 1632 1713 video
1645 1703 1656 1724 ‚
1687 1675 1886 1723 quomodo
1916 1678 2072 1715 omniuo
2098 1675 2174 1715 ali-

93 1748 186 1798 quid
218 1747 373 1789 credere
399 1751 574 1799 possint,
605 1748 712 1797 quod
740 1759 818 1787 non
846 1748 1010 1788 aliorum
1040 1749 1260 1789 testimonio
1288 1750 1518 1798 scriptorum
1554 1748 1812 1789 confirmetur.
1870 1749 1928 1789 At
1955 1761 2034 1788 non
2063 1750 2175 1800 dixit,

84 1832 161 1873 qua
189 1821 238 1862 de
266 1833 407 1863 caussa
432 1821 610 1862 abfuerit.
674 1821 823 1863 Verum
850 1821 948 1874 hoc3
989 1821 1061 1863 sed
1091 1821 1190 1862 dixit
1220 1821 1395 1874 „longae
1428 1822 1634 1863 absentiae
1662 1822 1888 1874 condicione3
1907 1821 1929 1843 ‘⁶
1967 1834 2048 1874 qua
2075 1835 2173 1865 voce
2224 1836 2227 1842 ·

85 1907 207 1947 quum
235 1896 440 1949 peculiaris
470 1896 663 1946 quaedam
691 1899 792 1937 ratio
827 1896 1042 1938 declaretur
1078 1896 1278 1937 absentiae
1316 1898 1373 1936 ita
1402 1902 1671 1948 comparatae,
1717 1904 1761 1938 ut
1790 1910 1838 1938 ex
1867 1909 1914 1938 ea
1943 1898 2059 1939 rediri
2088 1904 2173 1939 tum

85 1983 168 2011 non
196 1976 351 2022 posset,
391 1982 507 2010 sensu
533 1982 613 2009 non
643 1970 771 2010 differt
807 1983 833 2009 a
859 1973 1075 2009 amenitate.
1148 1970 1259 2020 Quae
1297 1982 1345 2010 ea
1382 1972 1501 2010 ruerit
1540 1974 1756 2011 necessitas
1769 2000 1780 2022 ,
1819 1975 2042 2023 ignoratur5
2078 1983 2170 2011 nam

86 2048 154 2095 qui
195 2045 244 2085 de
290 2044 415 2084 Taciti
445 2045 559 2084 exilio
603 2047 844 2095 cogitarunt,
882 2055 951 2083 eos
989 2043 1091 2084 bene
1132 2045 1318 2083 refutavit
1354 2043 1530 2084 Wexius.
1606 2045 1695 2084 Non
1729 2046 1998 2096 improbabilis
2035 2052 2167 2085 tamen

90 2131 221 2160 eorum
254 2125 315 2158 est
343 2121 554 2170 sententia,
593 2120 660 2167 qui
689 2129 779 2157 eum
815 2120 1041 2169 provinciae
1069 2120 1287 2169 praetoriae
1320 2118 1652 2158 administratione
1680 2129 1799 2171 supra
1826 2119 1984 2159 solitum
2012 2124 2169 2171 tempus

83 2193 286 2233 detentum
323 2193 438 2232 fuisse
478 2194 696 2232 coniiciunt.
766 2191 975 2241 Utcunque
1012 2197 1092 2242 est,
1138 2192 1265 2230 abfuit
1300 2193 1378 2230 iam
1417 2197 1597 2241 quartum
1625 2204 1789 2243 annum,
1829 2203 1949 2242 quum
1977 2194 2168 2245 Agricola

85 2267 203 2320 obiit,
233 2267 351 2316 idque
378 2269 504 2318 ipsum
534 2272 617 2319 est,
658 2265 763 2315 quod
792 2266 953 2306 Tacitus
984 2265 1079 2304 dicit
1105 2277 1207 2303 mm
1235 2264 1426 2317 dolorem,
1466 2279 1566 2304 suum
1596 2266 1758 2318 vulnus3
1794 2278 1885 2306 nam
1914 2278 2035 2318 quum
2062 2279 2167 2307 nun-

83 2353 200 2393 quam
230 2355 320 2383 eum
356 2344 560 2394 reviseret,
597 2343 676 2381 iam
705 2346 844 2390 quarto
872 2346 963 2381 ante
991 2345 1154 2380 mortem
1189 2352 1292 2379 anno
1331 2352 1419 2380 eum
1454 2342 1603 2393 amisit,
1634 2352 1713 2391 quo
1745 2353 1849 2382 anno
1886 2343 2055 2382 Romam
2082 2346 2169 2394 ipse

80 2417 246 2467 reliquit.
306 2416 414 2468 Quae
445 2418 637 2456 sententia
664 2415 891 2467 planissima
920 2420 963 2454 ut
995 2420 1100 2455 recte
1138 2426 1188 2454 ex
1215 2413 1345 2454 verbis
1384 2414 1573 2468 prodeat,
1612 2427 1684 2466 pro
1714 2419 1806 2454 tam
1834 2416 1965 2467 longae
1991 2416 2166 2457 scriben-

83 2490 174 2531 dum
205 2497 268 2532 est
294 2495 387 2530 tun
413 2490 541 2541 longae
570 2495 669 2542 etc.,
712 2500 815 2540 quae
844 2491 1014 2542 genuina
1040 2488 1158 2529 lectio
1185 2500 1234 2528 ex
1260 2490 1424 2538 antiquo
1454 2487 1541 2529 cod.
1572 2488 1779 2543 desumpta
1806 2492 1847 2530 in
1876 2494 2054 2542 margine
2081 2490 2167 2532 cod.

80 2565 173 2606 Vat.
204 2566 255 2609 Γ.
283 2568 451 2617 ascripta
478 2570 551 2605 est.
626 2564 717 2604 Tum
755 2577 876 2616 quum
906 2565 958 2604 sit
991 2563 1053 2603 illo
1081 2567 1260 2616 tenpore,
1295 2576 1365 2615 quo
1401 2563 1515 2612 obiit,
1554 2566 1633 2605 iam
1670 2568 1890 2606 rectissime
1931 2566 2050 2607 babet
2086 2571 2169 2605 avite

80 2639 377 2691 quadrimum,
415 2637 521 2688 quod
555 2638 689 2678 multis
719 2638 908 2691 exemplis
936 2637 1065 2678 allatis
1094 2638 1178 2689 ipse
1208 2636 1387 2677 concedit
1415 2636 1584 2679 Wexius
1623 2649 1662 2692 p.
1693 2639 1762 2680 27.
1791 2639 1957 2692 probum
1985 2641 2067 2682 fore
2100 2642 2170 2692 „si

80 2720 252 2753 narraret
275 2715 453 2764 Tacitus,
486 2724 565 2751 non
594 2718 828 2761 quereretur.
842 2712 863 2732 ‘⁶
926 2715 982 2751 At
1009 2717 1138 2750 narrat
1164 2723 1205 2750 re
1230 2723 1335 2751 vera.
1393 2711 1504 2751 Nihil
1530 2715 1609 2752 iam
1639 2720 1835 2768 superest,
1866 2725 1982 2765 quam
2012 2722 2058 2755 ut
2082 2726 2169 2755 mo·

79 2799 263 2840 neamus,
294 2788 499 2838 Wexium,
528 2788 621 2827 licet
647 2790 723 2825 tun·
750 2790 965 2837 receperit,
1001 2793 1132 2826 tamen
1160 2796 1289 2835 neque
1326 2789 1411 2827 eius
1439 2790 1523 2826 vim
1558 2791 1829 2840 perspexisse,
1869 2796 1909 2828 et
1937 2793 2169 2829 sententiam

82 2871 128 2901 eo
157 2863 300 2903 secisse
330 2873 448 2914 supra
473 2860 633 2901 modum
659 2862 841 2900 ieiunam.
899 2860 1001 2900 Nam
1028 2872 1079 2900 ne
1098 2860 1164 2899 dis
1192 2860 1332 2901 abesse
1357 2859 1540 2902 Tacitum
1566 2864 1731 2915 sineret,
1760 2873 1830 2914 pro
1856 2862 1987 2913 longae
2010 2874 2059 2902 ex
2080 2862 2168 2905 cod.

80 2936 126 2975 A
149 2938 303 2989 scripsit
329 2940 493 2983 nonme,-
530 2944 609 2984 quo
645 2935 769 2975 semel
796 2941 954 2986 recepto
986 2938 1063 2973 tas:
1113 2934 1273 2985 quidem
1301 2946 1379 2976 non
1418 2936 1588 2988 amplius
1624 2941 1728 2977 stare
1765 2941 1939 2989 poterat;
1982 2936 2054 2977 sed
2093 2941 2170 2977 &aa

80 3009 187 3050 nulla
212 3014 365 3052 interna
393 3021 532 3051 caum
559 3008 709 3048 illatum
746 3010 862 3061 friget
888 3010 1174 3050 incredibiliter.
1231 3009 1334 3049 Nam
1362 3014 1397 3051 si
1425 3011 1610 3063 Agricola
1635 3012 1862 3062 simpliciter
1887 3010 2027 3051 dicitur
2054 3015 2170 3052 αἰε-

81 3095 142 3121 ειιε
169 3098 264 3136 esse,
303 3085 397 3136 quid
426 3087 564 3124 attinet
591 3083 758 3130 adiicere
787 3095 877 3123 eum
905 3095 994 3124 esse
1019 3087 1095 3123 tun
1123 3086 1311 3124 amissum
1325 3085 1346 3125 ἰ)
