2687 3894
1501 521 1534 571 4

448 680 550 721 guae
579 669 725 709 latinae
765 669 946 716 scientia,
991 666 1167 706 acumine
1208 663 1314 703 haud
1353 665 1529 715 vulgari,
1575 664 1751 704 doctrina
1787 664 1956 715 denique
1997 666 2191 715 exquisita
2225 668 2438 705 instructus
2468 671 2550 705 tam

450 744 584 785 dextre
615 745 872 796 gnaviterque
903 743 942 779 in
980 739 1167 791 Agricola
1195 739 1434 779 recensendo
1463 738 1833 790 interpretandoque
1872 744 2049 778 versatus
2080 744 2164 789 est,
2206 744 2250 778 ut
2282 742 2464 792 egregius
2493 741 2550 780 li-

451 819 602 869 bellus,
634 821 753 858 etiam
782 821 872 867 post
898 815 1105 853 multorum
1134 824 1266 852 curam
1301 814 1433 853 multis
1468 814 1595 853 adhuc
1626 815 1728 852 vitiis
1755 812 1939 864 affectus,
1977 825 2121 853 novam
2149 815 2266 865 plane
2296 814 2459 855 sormam
2487 818 2549 855 in-

452 892 593 940 duerit,
623 897 661 931 et
691 892 889 941 aliquanto
919 888 1078 938 propius
1116 887 1165 925 ad
1193 890 1397 937 pristinam
1426 890 1635 927 accesserit
1668 889 1937 938 integritatem.
1997 887 2043 926 In
2079 893 2188 928 tanta
2215 887 2438 929 Wexianae
2466 889 2549 929 edi-

451 970 569 1008 tionis
603 968 837 1018 praestantia
877 973 992 1012 aegre
1031 960 1231 1000 ferendum
1276 969 1357 1013 est,
1396 962 1524 1013 quod,
1561 975 1681 1014 quum
1719 964 1779 1002 vir
1809 961 2054 1002 doctissimus
2091 961 2290 1003 incidisset
2319 965 2359 1002 in
2390 965 2548 1015 opinio-

450 1053 540 1081 nem
569 1041 813 1092 glossematis
839 1036 1018 1099 plurimis
1029 1037 1273 1105 inquinata,
1272 1048 1369 1097 csse
1398 1037 1523 1101 'lssaciti
1553 1038 1696 1086 verba,
1730 1037 1872 1093 quovis
1895 1036 2020 1100 modo
2048 1036 2217 1150 idkegit,
2249 1042 2292 1076 ut
2313 1037 2430 1078 huius
2460 1041 2548 1089 opi—

450 1119 580 1155 nionis
609 1117 810 1154 veritatem
839 1111 1043 1161 probaret,
1087 1115 1126 1148 et
1154 1101 1277 1148 haud
1292 1097 1440 1161 paucos
1470 1112 1578 1150 locos
1608 1123 1686 1149 non
1715 1100 1841 1149 solum
1872 1113 1910 1149 in
1943 1086 2096 1161 interpo
2114 1113 2257 1150 ationis
2286 1115 2549 1163 suspicionem

451 1195 629 1241 vocaret,
661 1187 749 1237 sed,
790 1191 975 1236 tanquam
1004 1183 1207 1235 explorata
1236 1195 1298 1224 res
1327 1191 1452 1236 esset,
1505 1185 1656 1224 uncinis
1686 1186 1876 1235 appositis
1907 1196 1928 1224 e
1963 1189 2070 1225 textu
2113 1184 2322 1224 eiiciendos
2364 1191 2548 1227 censeret.

449 1262 560 1313 Quae
605 1265 725 1306 ratio,
767 1261 904 1297 Tacito
953 1260 1110 1295 minime
1158 1259 1364 1309 salutaris,
1419 1259 1522 1297 unde
1570 1260 1744 1307 fluxerit,
1806 1270 1886 1296 non
1928 1260 2084 1298 difficile
2128 1264 2189 1297 est
2226 1260 2276 1298 ad
2322 1262 2547 1301 videndum.

449 1337 601 1385 Quippe
630 1339 744 1373 nimio
783 1333 918 1372 ardore
950 1338 989 1371 et
1018 1332 1132 1381 quasi
1177 1332 1348 1382 quodam
1377 1335 1525 1383 impetu
1556 1334 1772 1373 concitatus
1802 1331 1852 1371 ad
1879 1332 1978 1374 bene
2009 1333 2057 1374 de
2085 1337 2270 1384 scriptore
2294 1346 2366 1375 suo
2395 1348 2548 1379 meren-

449 1410 564 1459 dum,
600 1422 677 1449 non
706 1410 801 1448 satis
839 1405 1010 1447 firmavit
1038 1406 1210 1447 animum
1240 1418 1356 1448 snum
1398 1405 1450 1447 ad
1489 1417 1559 1459 ea,
1601 1416 1702 1459 quae
1731 1407 1902 1459 speciem
1934 1406 2052 1448 modo
2087 1406 2234 1451 babent
2262 1410 2463 1463 veritatis,
2486 1419 2547 1451 >re

446 1482 533 1534 ipsa
561 1481 815 1522 incertissima
844 1484 883 1521 et
911 1479 1003 1532 plus
1034 1489 1149 1532 quam
1181 1479 1300 1520 dubia
1325 1483 1438 1532 sunt,
1469 1480 1638 1520 arcenda
1658 1485 1778 1532 atque
1806 1479 2066 1533 repudianda,
2096 1484 2301 1521 immemor
2330 1484 2423 1523 dicti
2450 1484 2548 1535 Epi-

448 1556 591 1596 charmi
620 1555 765 1595 Siculi:

711 1629 876 1680 νᾶφε,
907 1625 1002 1667 καὶ
1030 1623 1252 1679 μέμναο)
1285 1623 1561 1669 ἀπιστεῖν·
1619 1624 1768 1680 ἄρθρα
1793 1627 1932 1669 ταῦτα
1958 1626 2042 1668 τᾶν
2070 1628 2258 1681 φρενῶν,

445 1715 523 1754 quo
563 1702 815 1742 saluberrimo
845 1706 1057 1753 praecepto
1087 1699 1269 1752 neglecto
1312 1712 1442 1752 neque
1482 1703 1615 1743 critica
1644 1711 1830 1752 prospere
1867 1703 2061 1753 exerceri,
2099 1712 2228 1753 neque
2262 1702 2419 1744 litterae
2459 1714 2548 1744 cum

444 1777 569 1817 fructu
598 1780 751 1817 tractari
790 1781 978 1828 possunt,
1015 1786 1144 1825 neque
1174 1775 1254 1816 ulla
1291 1777 1462 1816 hnmana
1491 1782 1595 1816 recte
1624 1777 1850 1827 procedunt.
1909 1776 2040 1827 Quam
2069 1777 2241 1817 difficile
2257 1782 2391 1818 autem
2418 1781 2470 1818 sit
2497 1779 2547 1818 il—

445 1852 522 1891 lam
538 1851 821 1903 Epicharmiam
850 1855 953 1890 recte
980 1850 1181 1889 iudicandi
1208 1851 1430 1902 agendique
1459 1847 1637 1890 normam
1667 1857 1888 1891 constanter
1916 1851 2137 1903 observare,
2161 1851 2337 1892 -Wexius
2370 1855 2453 1904 ipse
2481 1856 2546 1892 in-

443 1928 547 1965 vitus
577 1926 755 1965 ostendit.
815 1925 892 1975 Qui
931 1935 1053 1975 quum
1083 1936 1189 1963 vana
1220 1925 1392 1964 Walchii
1422 1931 1664 1976 commenta,
1702 1928 1812 1965 cuins
1844 1925 1962 1965 editio
2002 1925 2209 1975 Agricolae
2238 1930 2383 1978 insigni
2423 1928 2546 1967 docu-

442 2007 574 2039 mento
605 2007 676 2050 est,
721 2006 867 2050 quanta
896 1999 1069 2038 doctrina
1100 2010 1188 2037 cum
1219 2005 1367 2048 quanta
1394 2002 1539 2049 ingenii
1570 2003 1825 2049 perversitate
1868 2002 2074 2039 coniuncta
2102 2011 2189 2040 esse
2217 2004 2364 2052 possit,
2400 2005 2479 2041 acri
2507 2007 2547 2042 et

443 2075 721 2124 circumspecto
751 2074 892 2114 iudicio
922 2073 973 2113 ad
1003 2084 1183 2112 severam
1213 2084 1418 2113 censuram
1449 2080 1632 2115 vocasset
1645 2104 1655 2123 ,
1687 2086 1766 2115 non
1792 2085 1934 2124 passus
1962 2073 2068 2113 illius
2098 2073 2331 2115 confidentia
2367 2080 2406 2115 et
2434 2076 2546 2115 vani—

441 2147 643 2198 loquentia
673 2148 744 2186 sibi
772 2149 943 2198 imponi,
973 2150 1059 2197 ipse
1089 2147 1165 2186 sibi
1194 2149 1235 2186 in
1264 2157 1356 2187 vero
1386 2147 1616 2197 reperiendo
1642 2157 1722 2186 non
1752 2149 1850 2187 satis
1886 2147 2037 2186 diffisus
2067 2153 2279 2198 conceptas
2308 2148 2359 2188 de
2387 2149 2545 2199 glosse-

440 2222 558 2260 matis
590 2224 631 2259 in
659 2221 842 2271 Agricola
870 2223 1116 2272 suspiciones
1148 2221 1328 2271 cupidius
1368 2220 1573 2270 amplexus
1603 2226 1672 2260 est.
1731 2221 1857 2271 Quem
1890 2222 1976 2260 eius
2011 2231 2176 2260 errorem
2206 2233 2276 2271 per
2304 2226 2430 2261 totam
2460 2226 2544 2263 eius

441 2295 653 2334 editionem
683 2295 860 2334 diffusum
887 2296 963 2334 boc
992 2295 1125 2334 libello
1156 2295 1392 2344 redarguere
1412 2295 1532 2344 nobis
1558 2299 1800 2344 propositum
1830 2301 1903 2335 est.
2359 2291 2361 2295 ’

644 2368 802 2408 Nullum
833 2381 920 2408 esse
954 2371 1203 2420 scriptorem,
1244 2371 1284 2408 in
1312 2379 1389 2419 quo
1419 2379 1497 2408 non
1526 2366 1590 2409 hic
1628 2368 1706 2408 illic
1747 2368 1894 2420 aliquid
1932 2367 1982 2408 ab
2011 2369 2191 2420 imperita
2219 2375 2346 2409 manu·
2368 2368 2545 2410 incuica-

439 2447 524 2482 tum
555 2444 627 2492 sit,
669 2443 785 2483 facile
815 2454 947 2484 omnes
976 2443 1204 2496 largiuntur.
1275 2441 1403 2494 Quare
1443 2443 1478 2482 si
1508 2443 1597 2493 quis
1626 2442 1867 2495 glossemata
1903 2454 1947 2482 se
1984 2442 2178 2482 detexisse
2206 2441 2424 2495 profitetur,
2460 2456 2542 2485 rem

438 2518 524 2567 agit
552 2528 623 2567 per
652 2528 695 2557 se
724 2520 879 2558 minime
905 2517 1213 2569 improbabilem.
1274 2516 1353 2557 Sed
1382 2516 1453 2555 duo
1488 2519 1523 2554 et
1562 2519 1697 2567 viginti
1721 2520 1761 2556 in
1795 2518 1880 2558 solo
1921 2515 2109 2569 Agricola
2136 2517 2326 2567 reperisse
2364 2518 2438 2558 sibi
2468 2522 2535 2559 vi-

437 2601 507 2631 sus
535 2595 596 2631 est
625 2590 811 2643 Wexius3
843 2595 909 2643 qui
945 2603 1128 2632 numerus
1163 2603 1234 2643 pro
1265 2592 1409 2641 exiguo
1439 2588 1529 2627 libri
1557 2591 1706 2628 ambitu
1735 2597 1815 2629 tam
1845 2592 2013 2629 enormis
2043 2596 2117 2640 est,
2144 2595 2209 2641 ut,
2240 2593 2275 2629 si
2303 2590 2378 2632 hoe
2416 2605 2542 2644 genus

439 2665 747 2714 corruptelarum
775 2669 918 2715 pariter
944 2668 1093 2717 reliqua
1123 2667 1253 2705 Taciti
1293 2677 1412 2715 opera
1444 2667 1680 2715 invasisset,
1719 2667 1785 2704 vel
1813 2664 1967 2704 modica
1992 2661 2271 2714 'supputatione
2299 2666 2392 2716 plns
2424 2679 2542 2717 quam

437 2742 656 2789 quingenta
686 2740 942 2788 glossemata.
965 2740 1171 2788 prodirent.
1232 2740 1333 2780 Tam
1360 2738 1585 2779 incredibile
1615 2738 1711 2789 hoc,
1750 2751 1798 2779 ac
1833 2743 2038 2790 tantopere
2072 2752 2097 2779 a
2134 2744 2346 2780 ceterorum
2375 2737 2541 2792 scripto-

437 2825 523 2854 rum
554 2815 803 2865 antiquorum
828 2811 1057 2854 condicione
1082 2812 1306 2867 abhorrens,
1332 2817 1377 2854 ut
1404 2815 1483 2854 iam
1513 2812 1588 2854 hac
1617 2812 1701 2854 sola
1731 2815 1972 2866 cogitatione
1993 2811 2174 2854 deterreri
2198 2812 2412 2865 debuisset,
2442 2825 2542 2866 quo-

436 2890 564 2928 minus
590 2898 739 2929 novum
768 2890 975 2928 inventum
1004 2898 1119 2927 suum
1148 2893 1226 2927 tam
1257 2888 1496 2928 confidenter
1523 2892 1710 2939 tantaque
1739 2890 1955 2939 pertinacia
1982 2894 2312 2939 persequer-'etun'
2352 2889 2541 2926 Maiorem

440 2962 722 3002 dubitationem
762 2964 811 3001 de
851 2966 1017 3002 veritate
1055 2965 1319 3012 suspicionum
1361 2975 1521 3002 suarum
1558 2962 1706 3002 afferre·
1734 2966 1771 3002 ei
1810 2963 1988 3002 debebat>
2016 2964 2320 3002 incer-tantuin
2357 2967 2398 3001 et
2436 2966 2542 3002 omni

440 3035 691 3077 fundamento
721 3036 908 3077 destituta
933 3039 1033 3077 ratio
1045 3064 1059 3088 ,
1088 3046 1166 3087 qna
1195 3036 1399 3088 probatum
1427 3039 1522 3088 ivit,
1553 3036 1689 3089 multa,
1718 3046 1820 3088 quae
1848 3037 1888 3074 in
1918 3034 2100 3088 Agricola
2128 3031 2321 3086 leguntur,
2349 3047 2430 3075 non
2459 3035 2540 3075 Ta-

443 3109 509 3147 citi
534 3109 603 3148 sed
631 3111 918 3162 interpolatoris
952 3119 1050 3152 esse.
1107 3103 1218 3150 Narn'
1231 3103 1236 3111 ”
1251 3121 1373 3161 quum
1410 3109 1650 3161 glossemata
1668 3111 1906 3161 *plerumque
1941 3110 2008 3149 vel
2037 3109 2217 3148 codicum
2228 3104 2233 3112 ”
2254 3110 2354 3150 inter
2380 3121 2425 3150 se
2453 3110 2536 3150 dis-

443 3186 639 3234 crepantia
666 3184 731 3225 vel
759 3181 1359 3237 grammaticorum-testimoniis
1389 3195 1479 3225 curn
1516 3184 1708 3226 librorum·
1729 3187 1923 3235 scriptura
1952 3182 2269 3224 discordantibus·
2292 3170 2539 3237 cognoscan-
