2687 3894
526 1031 587 1080 De
632 1028 905 1091 ginno-atis
947 1026 1059 1076 false
1091 1025 1225 1077 “raclii
1257 1026 1482 1091 Agricolae
1515 1026 1752 1091 luntatis.

94 1328 196 1408 Tria
222 1366 316 1402 sunt
341 1370 488 1411 genera
516 1359 705 1401 lectorum
720 1389 732 1412 ,
771 1371 934 1412 quorum
962 1362 1003 1400 in
1031 1361 1198 1412 gratiam
1227 1361 1436 1411 quotannis
1465 1365 1525 1400 tot
1553 1360 1924 1409 commentationes,
1954 1357 2189 1414 narrationi·

94 1437 169 1477 bus
208 1435 259 1475 de
287 1434 403 1474 rebus
439 1433 685 1475 scholasticis
723 1435 815 1476 addi
843 1436 1001 1485 solitae,
1045 1440 1343 1485 componuntur.
1409 1434 1582 1476 Primum
1611 1434 1731 1484 idque
1761 1433 1880 1484 longe
1909 1432 2190 1482 amplissimum

97 1515 158 1550 est
186 1520 339 1556 eorum,
383 1508 450 1556 qui
477 1506 573 1545 talia
603 1508 720 1557 plane
749 1519 827 1547 uon
855 1509 1012 1559 legunt,
1052 1514 1092 1547 et
1123 1508 1174 1547 ad
1214 1518 1258 1547 ee
1287 1507 1439 1558 perlata
1467 1519 1517 1548 ne
1546 1507 1738 1558 adspectu
1768 1506 1927 1557 quidem
1957 1505 2187 1560 dignantur,

94 1594 143 1623 ac
185 1593 257 1633 pro
285 1591 364 1620 non
394 1581 549 1631 scriptis
578 1579 739 1621 habent.
808 1580 872 1621 Ad
904 1582 1068 1623 alterum
1092 1593 1172 1623 non
1202 1584 1330 1622 minus
1358 1592 1608 1622 numerosum
1636 1583 1665 1620 ii
1693 1582 1909 1632 pertinent,
1949 1582 2017 1629 qui
2048 1585 2087 1618 et
2113 1579 2191 1628 ipsi

97 1668 122 1697 a
151 1654 321 1707 legendo
356 1653 609 1694 abhorrentes
648 1655 769 1694 obiter
809 1655 966 1705 quidem
1003 1658 1241 1707 inspiciunt,
1279 1655 1352 1696 sed
1390 1655 1567 1696 celeriter
1592 1665 1822 1705 percursum
1860 1653 2034 1693 libellum
2075 1654 2191 1693 citius

95 1741 222 1781 paene
252 1728 450 1779 deponunt
478 1739 595 1778 quam
626 1731 665 1768 in
697 1740 834 1768 manus
873 1733 1132 1780 sumpserunt.
1191 1728 1307 1779 Quod
1335 1733 1514 1779 superest
1551 1729 1706 1768 tertium
1734 1738 1888 1778 genus,
1921 1737 2002 1767 non
2029 1736 2191 1767 numero

95 1803 167 1844 sed
195 1801 367 1854 pondere
395 1813 470 1841 suo
498 1801 757 1854 censendum,
785 1814 837 1843 ex
864 1804 912 1844 iis
941 1808 1116 1854 constat,
1143 1805 1213 1854 qui
1240 1814 1337 1843 vero
1365 1802 1578 1843 litterarum
1599 1812 1733 1842 amore
1760 1800 1926 1852 praediti
1953 1804 2074 1842 etiarn
2102 1811 2191 1853 par-

95 1890 166 1920 vos
209 1875 384 1927 libellos,
423 1878 458 1919 si
496 1876 615 1918 modo
650 1890 731 1918 rem
768 1881 993 1919 contineant
1028 1892 1055 1920 a
1090 1879 1204 1920 bonis
1239 1878 1377 1918 litteris
1418 1888 1498 1918 non
1528 1876 1699 1917 alienam
1713 1905 1723 1925 ,
1769 1878 1990 1927 cognitione
2017 1889 2098 1917 non
2127 1880 2191 1916 in-

90 1951 236 2003 dignos
269 1950 441 2004 habent,
483 1949 695 2002 studioque
736 1962 808 1992 suo
846 1951 1040 2005 efficiunt,
1076 1963 1127 1994 ne
1163 1955 1300 1993 auctor
1338 1950 1481 1992 frustra
1508 1952 1715 2003 scripsisse
1752 1949 1951 2003 putandus
1978 1953 2042 1992 sit.
2106 1949 2192 1993 Hos

91 2028 211 2078 igitur
238 2037 289 2065 ne
317 2025 515 2077 poeniteat
557 2032 717 2067 nostrae
757 2026 909 2078 opellae
946 2026 1094 2079 aliquid
1131 2027 1318 2077 temporis
1355 2031 1475 2077 atque
1511 2025 1630 2067 studii
1670 2025 1875 2077 tribuisse,
1916 2029 2194 2076 argumentum

92 2101 315 2152 scriptionis
345 2105 474 2150 petam
513 2101 562 2140 ab
592 2111 641 2140 eo
681 2101 872 2152 opusculo
901 2102 1223 2153 praestantissimi
1259 2100 1526 2142 Romanorum
1563 2102 1788 2153 scriptoris,
1834 2111 1911 2151 quo
1952 2099 2044 2141 Iulii
2071 2100 2192 2153 Agri-

91 2176 206 2216 colae
234 2178 356 2217 vitam
383 2177 598 2225 posteritati
626 2175 805 2227 tradidit,
835 2178 893 2215 ita
919 2187 1100 2228 sperans,
1125 2177 1164 2215 si
1191 2181 1327 2215 nostra
1354 2178 1484 2216 minus
1512 2176 1742 2226 placuerint,
1772 2181 1815 2215 at
1843 2177 1884 2214 in
1911 2174 2050 2215 Tacito
2079 2178 2183 2227 ipso,

95 2252 157 2290 cui
185 2262 210 2289 a
248 2248 587 2289 deformationibus
618 2248 850 2290 vindicando
885 2248 983 2288 haec
1011 2248 1207 2293 destinata
1232 2254 1346 2300 sunt,
1384 2252 1483 2290 satis
1512 2249 1785 2291 cunctationis
1813 2251 1952 2299 aequis
1980 2249 2181 2300 benignis·

89 2335 171 2375 que
198 2322 405 2364 lectoribus
433 2323 529 2363 sore.

293 2397 434 2437 Nititur
463 2401 597 2436 autem
625 2401 710 2436 tota
737 2396 950 2447 disputatio
979 2401 1112 2453 nostra
1139 2397 1364 2436 recensione
1392 2396 1604 2446 Agricolae
1630 2408 1657 2436 a
1685 2396 1825 2437 carole
1856 2395 2001 2436 Wexio
2033 2400 2181 2448 curata,

95 2483 198 2522 qnae
226 2483 329 2512 anno
363 2472 473 2511 1852
514 2470 670 2521 prodiit.
741 2470 942 2521 Omnium,
982 2473 1051 2523 qni
1078 2470 1207 2512 Taciti
1245 2481 1365 2520 opera
1393 2470 1617 2523 ediderunt,
1660 2471 1779 2522 longe
1808 2474 1957 2523 optime
1985 2472 2036 2510 de
2065 2471 2181 2522 Agri-

87 2546 185 2589 cola
213 2548 390 2587 meritum
419 2557 508 2587 esse
538 2544 745 2598 Wexium,
783 2558 898 2587 nemo
928 2557 1079 2597 eor-mn,
1110 2547 1177 2597 qui
1207 2543 1365 2596 quidem
1392 2543 1540 2586 harum
1556 2544 1773 2589 litterarum
1800 2547 1917 2598 perifl
1945 2551 2063 2597 sunt,
2102 2547 2186 2597 erit,

89 2622 164 2671 qui
192 2627 321 2672 neget.
388 2612 491 2661 Nem
530 2618 636 2673 qnod
673 2623 838 2672 primum
878 2624 959 2671 est,
995 2620 1288 2660 accuratissima
1327 2617 1503 2661 codicum
1545 2620 1825 2663 vaticanorum
1865 2620 2075 2662 collatione
2113 2619 2190 2661 sibi

90 2700 321 2745 computata
349 2695 388 2734 id
420 2695 569 2746 effecit,
610 2700 654 2734 ut
692 2698 791 2746 iam,
825 2696 919 2745 quid
947 2695 1091 2745 ubique
1119 2695 1158 2733 in
1187 2694 1386 2735 veteribus
1416 2694 1526 2735 libris
1564 2695 1740 2751 legatur,
1779 2695 1953 2748 quidque
1981 2695 2032 2734 ab
2062 2694 2191 2737 edito-

94 2769 203 2810 ribus
232 2769 299 2810 vel
324 2775 428 2811 recte
461 2768 707 2812 emendatum
720 2799 732 2821 ,
762 2770 825 2809 vel
851 2770 1071 2810 inconsulto
1096 2773 1286 2809 mutatum
1298 2798 1311 2819 ,
1349 2769 1412 2810 vel
1441 2776 1588 2813 temere
1615 2770 1765 2814 illatum
1795 2774 1868 2820 sit,
1898 2775 2004 2810 certo
2030 2771 2178 2818 sciatur

98 2841 214 2893 Quod
241 2844 377 2893 quanti
405 2845 456 2883 sit
491 2842 543 2882 ad
569 2842 710 2883 librum
740 2848 799 2884 tot
835 2842 983 2883 mendis
1012 2842 1193 2883 affectum
1221 2842 1310 2883 labe
1339 2855 1414 2885 sua
1441 2844 1711 2897 purgandum,
1748 2844 2083 2885 demonstratione
2112 2855 2191 2885 non

97 2923 206 2968 θεοῖς
245 2918 321 2958 nisi
343 2920 466 2963 renim
502 2916 722 2961 emendatio
752 2917 1005 2969 proficiscitur
1026 2930 1058 2958 -a
1094 2919 1283 2970 scriptura
1319 2916 1499 2959 codicum
1534 2920 1767 2960 auctoritate
1805 2918 1980 2970 firmata,
2019 2930 2124 2970 quae
2150 2920 2193 2959 in

90 2989 285 3041 Agricola
315 2994 545 3045 saepissime
580 2993 855 3045 ignorabatur,
882 2994 1023 3034 flustra
1051 2992 1249 3034 laboratur
1283 2995 1324 3032 in
1353 3006 1449 3035 vera
1475 2997 1646 3040 auctoris
1673 3006 1794 3033 mann
1824 2992 2010 3034 eruenda.
2068 2993 2194 3035 Vete-

88 3074 184 3110 mm
210 3066 331 3116 igitur
358 3066 540 3113 librorum
566 3068 790 3111 auctoritati
818 3070 884 3109 via
917 3073 959 3110 et
984 3068 1134 3110 ratione
1158 3068 1345 3109 insistens
1372 3065 1537 3110 Wexius
1575 3079 1655 3109 non
1683 3068 1811 3109 solum
1849 3067 2039 3120 plurimas
2073 3067 2195 3111 fabas

91 3136 309 3189 lecticam.
348 3151 430 3181 non
456 3142 663 3186 codicibus
703 3142 776 3183 scd
803 3141 993 3183 editorum
1026 3141 1177 3184 libidini
1209 3140 1387 3194 debitas,
1418 3143 1600 3193 vsustulit,
1648 3141 1719 3183 sed
1755 3145 1874 3184 etism
1902 3149 2089 3186 accurate
2118 3143 2194 3184 lin-

1615 3219 1632 3254 1
1667 3218 1689 3241 t
