2687 3894
1098 507 1181 572 -117'

83 666 166 706 est
172 659 300 699 wan
327 670 475 709 goren,-
507 658 579 698 sod
604 659 647 698 id
674 661 804 709 ipsum
832 659 924 699 hnic
960 660 1050 699 loco
1079 626 1223 711 optime
1250 662 1447 700 convenit.
1504 660 1575 699 An
1609 659 1678 700 illa
1711 670 1871 710 pugna,
1913 670 1996 709 qua
2029 671 2185 702 amnma

82 736 204 782 totius
240 732 335 773 belli
373 731 650 784 conficeretur,
691 744 771 772 non
808 734 994 784 pertinuit
1027 732 1078 772 ad
1118 733 1264 775 bellum
1282 729 1547 785 gerundum?
1637 731 1756 783 Quod
1790 733 1913 803 igitur
1956 737 2040 773 toto
2079 732 2184 774 bello

83 808 278 861 spectavit
306 805 517 858 Agricola,
554 810 620 854 ut,
661 810 849 857 quantum
878 811 1038 857 posset,
1074 805 1251 848 Romano
1291 809 1474 858 sanguini
1511 807 1733 858 parceret,
1742 804 1802 855 id,
1844 808 1880 844 si
1908 810 1995 845 tum
2020 807 2061 845 ei
2091 816 2185 846 cou-

82 880 280 932 ιιῃςῴι,
308 880 447 931 ingens
472 890 589 919 sano
600 878 721 920 decus
750 881 937 920 victoriae
963 878 1045 919 fuit.
1111 880 1187 920 Ad
1208 880 1284 921 hoc
1322 882 1358 921 si
1395 882 1640 932 reputaveris
1676 886 1807 930 nequo
1844 877 1968 917 ullam
2004 879 2182 929 indigere

85 952 381 1006 explicationem
409 943 532 994 verba
559 954 686 1004 ἁιςᾳιε
712 953 882 990 offlm‘aae
910 951 1039 1000 doctu,
1076 958 1116 993 et
1142 953 1228 1005 illa,
1265 965 1370 1005 quae
1406 964 1478 1004 pro
1516 956 1648 1003 panno
1684 940 1834 992 assuto
1852 951 1975 992 babet
2004 951 2185 1004 Woxius,

84 1030 243 1069 minime
278 1026 581 1079 glossematum
602 1026 766 1066 formam
801 1025 966 1078 habere,
1003 1027 1167 1077 singulis
1202 1026 1331 1067 Taciti
1366 1026 1522 1067 dicendi
1553 1026 1886 1067 consuetudinem
1926 1024 2186 1065 referentibus

58 1151 63 1156 ,
86 1103 173 1154 (vix
201 1104 306 1143 enim
333 1100 528 1152 glossator
554 1097 806 1156 adbibuiss'et
834 1103 944 1148 citra,
974 1102 1077 1151 quod
1092 1102 1223 1153 =plane
1242 1101 1465 1153 Tacitinu'm
1490 1107 1563 1171 est,
1593 1101 1657 1141 cs..
1674 1112 1712 1140 c.
1747 1103 1786 1152 1,
1817 1101 1881 1152 8.;
1910 1098 2034 1140 multo
2051 1101 2184 1155 minus

78 1176 249 1219 >dixisset
274 1173 479 1213 Βοιωιιιιι
506 1175 728 1223 mumma,
756 1173 879 1223 quod
891 1177 1086 1224 poeticum
1111 1173 1280 1215 colorem
1308 1173 1451 1225 habet,
1481 1187 1507 1214 a
1535 1173 1680 1214 Tacito
1701 1184 1781 1213 non
1804 1173 1990 1223 alienum,
2020 1184 2047 1213 a
2074 1172 2184 1225 glos-

87 1255 217 1294 satore
237 1247 545 1298 alienissimum,
571 1246 739 1298 deniquo
766 1247 925 1287 bellandi
946 1254 986 1288 et
1009 1249 1131 1288 forma
1159 1253 1199 1292 et
1217 1259 1336 1288 sensu
1365 1249 1596 1300 glossatoris
1617 1252 1777 1298 captum
1794 1246 1912 1298 plane
1941 1245 2183 1298 exsuperat),

86 1325 156 1365 vix
185 1296 416 1372 dubitafflss,
436 1319 534 1371 quid
562 1318 611 1360 de
644 1322 844 1372 „pessima
871 1320 941 1362 illa
970 1319 1124 1387 macula
1152 1319 1291 1362 Tacito
1320 1321 1479 1362 inusta“
1510 1325 1676 1368 statuas.

287 1393 331 1433 C.
366 1394 435 1432 36.
496 1392 585 1443 „Ac
612 1397 737 1445 primo
767 1405 978 1446 congressu
1005 1398 1154 1444 eminus
1186 1395 1423 1444 certabatur,
1461 1395 1658 1443 simulque
1698 1395 1918 1447 constantia
1954 1393 2073 1432 simul
2100 1399 2185 1433 arte

86 1469 263 1512 Britanni
297 1466 502 1518 &gentibus
539 1466 687 1519 gladiis
718 1470 753 1508 st
787 1468 946 1507 brevibus
981 1470 1085 1507 edm
1121 1467 1286 1526 missilia
1321 1471 1543 1510 nostrorum
1571 1468 1698 1507 vitare
1726 1466 1794 1506 vel
1824 1471 2024 1530 excutere,
2063 1470 2185 1517 atque

75 1527 162 1596 *ipsi
190 1551 372 1593 magnam
400 1544 482 1586 vim
510 1539 676 1581 telorum
703 1540 987 1592 superfundere,
1017 1541 1140 1581 donec
1168 1542 1357 1597 Agricola
1379 1542 1621 1594 Batavorum
1650 1541 1828 1580 cobortes
1851 1552 1904 1580 ac
1933 1537 2184 1591 Tungrorum

88 1617 187 1656 duas
216 1611 442 1655 cohortatus
471 1620 559 1665 est,
597 1621 666 1675 ιιι.
681 1626 762 1655 rem
793 1615 844 1655 ad
884 1625 1088 1656 mucrones
1116 1627 1165 1656 ac
1191 1607 1332 1656 manus
1362 1615 1624 1667 adducerent,
1656 1615 1763 1666 quod
1793 1620 1833 1654 et
1861 1617 1958 1666 ipsis
1984 1619 2185 1655 vetustate

89 1690 249 1731 militiae
288 1689 543 1728 exercitatum
580 1692 620 1727 ct
657 1689 833 1728 hostibus
864 1688 1056 1740 inhabile,
1095 1701 1215 1740 potua
1232 1692 1348 1740 'acuta
1376 1692 1411 1725 et
1438 1693 1604 1726 marnes
1620 1689 1766 1738 gladios
1794 1688 2038 1738 gerentibus.“
2099 1688 2184 1728 Po-

87 1769 230 1803 strema
259 1763 404 1807 verba,
445 1764 630 1811 quoniam
669 1774 786 1801 sensu
825 1774 903 1801 non
944 1763 1125 1813 differunt
1162 1763 1212 1802 ab
1242 1765 1314 1813 iis,
1356 1774 1461 1814 quae
1497 1763 1617 1812 paulo
1656 1767 1747 1802 ante
1785 1762 1971 1812 leguntur
2006 1760 2186 1802 Beiram·

86 1836 288 1887 tingentibus
316 1835 455 1885 gladiis
483 1839 517 1874 et
546 1836 705 1874 brevibus
732 1838 857 1896 qetn‘e,
887 1835 1053 1876 Wexius
1081 1835 1264 1888 Prolegg.
1294 1848 1334 1887 p.
1367 1837 1463 1875 111.
1496 1834 1547 1876 ob
1578 1834 1834 1888 tautologiam
1864 1833 1914 1875 de
1943 1833 2184 1888 glossemate

86 1915 278 1962 suspecta„
298 1908 419 1952 habet
447 1911 671 1961 uncinisque
700 1908 867 1950 inclusit.
927 1908 1006 1951 Sed
1037 1908 1216 1951 codicum
1244 1911 1445 1965 scriptura·
1464 1900 1543 1950 non
1570 1914 1633 1951 est
1659 1907 1924 1949 sollicitandaa
1982 1908 2085 1949 Nam
2113 1912 2183 1962 qui

85 1992 162 2025 non
189 1980 237 2024 in
259 1966 391 2040 verbis
419 1984 575 2036 haeret,
593 1985 800 2034 utriusque
830 1983 909 2022 loci
937 1986 1089 2023 ratione
1118 1990 1300 2024 accurate
1329 1973 1579 2037 considerata
1606 1983 1722 2040 facile
1750 1983 1901 2022 videbit
1930 1984 2069 2022 dium
2098 1997 2182 2022 con-

85 2059 166 2096 atio
195 2060 469 2099 Britannorum
498 2070 606 2097 arma
634 2053 946 2106 commemorari,
988 2050 1156 2112 primum
1184 2058 1236 2097 ad
1264 2058 1538 2098 illustrandam
1573 2069 1706 2097 eorum
1734 2045 1974 2096 comeatum·
2009 2062 2044 2096 et
2070 2062 2183 2098 ane-

85 2136 126 2172 in
156 2133 353 2174 evitandis
382 2134 449 2173 vel
478 2130 717 2172 excutiendis
748 2130 1018 2170 Romanorum
1047 2131 1285 2183 missilibus,
1330 2127 1480 2176 deinde
1509 2131 1561 2172 ad
1602 2129 1878 2182 explicandum
1910 2141 1979 2171 cur
2008 2131 2183 2171 sababim

85 2203 236 2249 fuerint
249 2206 301 2248 ad
329 2214 503 2258 pugnam
529 2204 567 2242 iu
597 2209 694 2255 arto,
724 2209 764 2244 et
787 2203 841 2244 ad
871 2214 1030 2261 manum
1058 2204 1352 2267 conserendam.
1400 2204 1648 2257 Quamquam
1675 2210 1810 2243 autem
1837 2204 1951 2243 facile
1980 2205 2179 2258 largimur,

86 2280 207 2320 altero
237 2280 340 2319 loco
355 2289 435 2317 non
467 2279 600 2328 utique
628 2265 890 2328 necessariam
920 2279 1045 2316 tuisse
1076 2263 1254 2317 iteratam
1283 2289 1478 2317 armorum
1519 2279 1840 2327 descriptionem,
1879 2284 2011 2316 tamen
2047 2285 2179 2319 tauto-

72 2354 240 2421 logiae,
269 2353 414 2402 quippe
445 2362 549 2401 qnae
574 2350 654 2390 alio
683 2350 799 2389 modo
827 2350 916 2401 flat,
944 2362 1043 2390 non
1053 2356 1184 2401 potest
1210 2354 1423 2392 accenseri.
1479 2351 1619 2405 Neque
1645 2352 1830 2390 continuo
1859 2361 1931 2401 pro
1958 2351 2180 2402 glossema-

85 2429 136 2467 tis
166 2425 347 2467 habenda
375 2430 495 2475 atque
524 2424 734 2474 eiicienda,
775 2434 878 2475 quae
907 2424 1043 2474 aliquo
1073 2423 1189 2463 modo
1218 2424 1360 2464 abesse
1388 2430 1566 2480 possunt.
1633 2424 1753 2464 Valet
1781 2424 1822 2463 id
1851 2420 1987 2464 autem
2015 2424 2066 2465 de
2095 2437 2180 2466 om·

84 2500 215 2550 nibus,
245 2510 347 2551 quae
374 2499 636 2549 perspicuitati
663 2500 890 2546 inserviunt,
918 2498 981 2535 cui
1000 2496 1175 2548 Tacitus,
1206 2510 1447 2548 quamquam
1466 2499 1670 2538 brevitatis
1699 2488 2028 2550 studiosissimus,
2051 2502 2178 2557 ⁴interb

87 2575 180 2615 dum
204 2572 353 2631 aliquid
381 2571 445 2612 vel
474 2570 649 2612 consulto
680 2570 742 2612 vel
771 2559 919 2611 invitus
949 2570 1138 2611 concedit.
1297 2617 1313 2624 ,
1494 2616 1496 2618 ‚

289 2647 333 2689 C.
365 2648 432 2688 37.
497 2646 607 2699 „Iam
635 2646 827 2698 bostium,
856 2652 972 2697 prout
1000 2649 1142 2698 cuique
1168 2632 1370 2697 ingenium
1401 2653 1509 2704 erat,
1539 2652 1720 2687 catervae
1751 2654 1989 2688 armatorum
2015 2650 2180 2699 paucio-

87 2723 194 2763 ribus
223 2711 335 2774 terga
363 2713 582 2774 praestare,
623 2721 783 2775 quidam
820 2722 990 2759 inermes
1029 2720 1128 2760 ultro
1166 2731 1278 2760 ruere
1313 2733 1361 2761 ac
1400 2733 1445 2762 se
1485 2725 1599 2761 morti
1626 2722 1783 2775 offerre;
1827 2726 1975 2772 passim
2004 2734 2113 2763 arma
2140 2730 2182 2763 ct

88 2807 260 2855 corpora.⁴
286 2803 327 2836 ot
362 2797 480 2836 laceri
515 2800 620 2834 artus
658 2800 698 2833 et
736 2799 893 2834 cruenta
931 2794 1092 2845 humus,
1132 2798 1166 2832 et
1200 2795 1402 2853 aliquando
1442 2798 1551 2835 ειιὶιιιι
1586 2798 1688 2834 uictis
1726 2798 1785 2834 ira
1814 2794 2031 2847 virtusque-‘⁴
2091 2797 2182 2837 Non

86 2877 225 2920 potest
246 2870 435 2918 dubitari,
476 2872 571 2920 quin
600 2868 762 2914 Tacitus
791 2871 832 2907 in
861 2867 1118 2908 describenda
1157 2869 1268 2909 varia
1308 2853 1468 2921 pugnae
1505 2870 1605 2911 facie
1633 2868 1780 2927 aliquid
1810 2868 1950 2910 eoloris
1979 2869 2134 2912 duxerit
2158 2882 2183 2913 e

87 2943 175 2984 1000
199 2943 424 2996 >Virgilian«)
453 2942 551 2983 Aen.
572 2941 637 2994 IL,
668 2942 767 2998 367,
827 2941 1018 2994 Quondam
1046 2943 1156 2978 etiam
1184 2943 1287 2985 mun
1316 2944 1411 2984 redit
1440 2946 1480 2981 in
1500 2943 1718 2995 praecordia
1748 2946 1871 2983 mnus.
1929 2945 2069 2995 Neque
2096 2956 2183 2985 ma-

88 3017 166 3066 gis.
188 3018 242 3055 id>
262 3020 405 3057 mirum
439 3024 500 3062 est
533 3022 604 3061 aut
638 3015 958 3064 vituperandum,
999 3026 1117 3064 quam
1155 3015 1263 3065 quod
1302 3021 1421 3056 etiam
1451 3029 1500 3056 ex
1530 3016 1720 3056 Sallustio
1751 3017 1949 3067 quaedam
1978 3021 2184 3070 expressit,

82 3091 199 3136 ,velut
228 3104 261 3132 c.
294 3093 361 3135 18.
424 3093 512 3145 ¹,Ita
549 3093 672 3145 petita
703 3101 800 3141 pace
840 3100 887 3130 ac
926 3088 1059 3130 dedita
1096 3087 1226 3131 insula
1262 3089 1382 3130 clarus
1416 3103 1461 3130 ac
1498 3102 1653 3159 stagnus
1681 3088 1809 3139 baberi
1835 3091 2024 3155 Δςτίειιὶα,
2027 3090 2050 3113 “
2080 3104 2184 3146 quas

89 3160 193 3203 dicta
219 3170 312 3210 sunt
341 3166 399 3207 ad
425 3165 524 3206 baec
542 3164 722 3210 Sallustii
748 3165 788 3202 in
817 3163 905 3203 Cat.
935 3164 1007 3213 53,
1036 3162 1061 3201 l.
1121 3163 1240 3214 „Cato
1268 3165 1388 3214 clarus
1416 3167 1524 3215 atque
1551 3155 1708 3215 stagnus
1734 3164 1942 3213 habetur-⁴⁶,-
1971 3173 2042 3207 aut
2060 3179 2094 3208 c.
2115 3169 2183 3208 36.

1745 3234 1770 3274 3
